@book{SMA,
	author = {Ferber, J.},
	title = {Les systèmes multi-agents : vers une intelligence collective},
	publisher = {interEditions},
	year = {1995}
}


@Article{jaamas2011-ioda,
  title =     {{IODA}: An interaction-oriented approach for
                  Multi-Agent Based Simulations},
  author =     {Kubera, Y. and Mathieu, P. and Picault,
                  S.},
  journal =     {Journal of Autonomous Agents and Multi-Agent Systems
                  (JAAMAS)},
  pages =     {303--343},
  volume =     {23},
  number =     {3},
  year =     {2011},
  publisher =     {Springer}
}

@InProceedings{largouet,
  author =     {Cordier, M.-O. and Largouët, C. and Zhao, Y.},
  title =     {Model-Checking an Ecosystem Model for Decision-Aid},
  OPTcrossref =     {},
  OPTkey =     {},
  booktitle =     {Proc. of the {IEEE} 26th Int.  Conf. on Tools with
                  Artificial Intelligence (ICTAI'2014)},
  year =     {2014},
  editor =     {Papadopoulos, G.A.},
  OPTvolume =     {},
  OPTnumber =     {},
  OPTseries =     {},
  pages =     {539--543},
  OPTmonth =     {},
  OPTaddress =     {},
  OPTorganization ={},
  OPTpublisher = {},
  OPTnote =     {},
  OPTannote =     {}
} 

@manual{NetlogoManuel,
	author = {},
	title = {Netlogo documentation},
	version = {5.2},
	note = {\url{http://ccl.northwestern.edu/netlogo/docs/}}
}

@manual{IODAManuel,
	author = {Mathieu, P. and Picault, S.},
	title={IODA documentation},
	version={2.3},
	note = {\url{http://cristal.univ-lille.fr/SMAC/projects/ioda/ioda_for_netlogo/}}
}